%YAML 1.1
%TAG !u! tag:unity3d.com,2011:
--- !u!1001 &100100000
Prefab:
  m_ObjectHideFlags: 1
  serializedVersion: 2
  m_Modification:
    m_TransformParent: {fileID: 0}
    m_Modifications: []
    m_RemovedComponents: []
  m_ParentPrefab: {fileID: 0}
  m_RootGameObject: {fileID: 1222556782055308}
  m_IsPrefabParent: 1
--- !u!1 &1222556782055308
GameObject:
  m_ObjectHideFlags: 0
  m_PrefabParentObject: {fileID: 0}
  m_PrefabInternal: {fileID: 100100000}
  serializedVersion: 5
  m_Component:
  - component: {fileID: 4452388437567200}
  - component: {fileID: 212969579472131100}
  - component: {fileID: 114207070620474090}
  - component: {fileID: 60821344411804662}
  - component: {fileID: 50749879676822998}
  m_Layer: 0
  m_Name: BroccoliSlice
  m_TagString: Slice
  m_Icon: {fileID: 0}
  m_NavMeshLayer: 0
  m_StaticEditorFlags: 0
  m_IsActive: 1
--- !u!4 &4452388437567200
Transform:
  m_ObjectHideFlags: 1
  m_PrefabParentObject: {fileID: 0}
  m_PrefabInternal: {fileID: 100100000}
  m_GameObject: {fileID: 1222556782055308}
  m_LocalRotation: {x: 0, y: 0, z: 0, w: 1}
  m_LocalPosition: {x: -7.7, y: -2.98, z: -2}
  m_LocalScale: {x: 1, y: 1, z: 1}
  m_Children: []
  m_Father: {fileID: 0}
  m_RootOrder: 0
  m_LocalEulerAnglesHint: {x: 0, y: 0, z: 0}
--- !u!50 &50749879676822998
Rigidbody2D:
  serializedVersion: 4
  m_ObjectHideFlags: 1
  m_PrefabParentObject: {fileID: 0}
  m_PrefabInternal: {fileID: 100100000}
  m_GameObject: {fileID: 1222556782055308}
  m_BodyType: 0
  m_Simulated: 1
  m_UseFullKinematicContacts: 0
  m_UseAutoMass: 0
  m_Mass: 1
  m_LinearDrag: 0
  m_AngularDrag: 0.05
  m_GravityScale: 1
  m_Material: {fileID: 0}
  m_Interpolate: 0
  m_SleepingMode: 1
  m_CollisionDetection: 0
  m_Constraints: 0
--- !u!60 &60821344411804662
PolygonCollider2D:
  m_ObjectHideFlags: 1
  m_PrefabParentObject: {fileID: 0}
  m_PrefabInternal: {fileID: 100100000}
  m_GameObject: {fileID: 1222556782055308}
  m_Enabled: 1
  m_Density: 1
  m_Material: {fileID: 0}
  m_IsTrigger: 1
  m_UsedByEffector: 0
  m_UsedByComposite: 0
  m_Offset: {x: 0, y: 0}
  m_SpriteTilingProperty:
    border: {x: 0, y: 0, z: 0, w: 0}
    pivot: {x: 0.5, y: 0.5}
    oldSize: {x: 2.142857, y: 2.142857}
    newSize: {x: 1.5, y: 1.5}
    adaptiveTilingThreshold: 0.5
    drawMode: 0
    adaptiveTiling: 0
  m_AutoTiling: 0
  m_Points:
    m_Paths:
    - - {x: 0.9571429, y: -0.22857143}
      - {x: 1.0714285, y: -0.12857144}
      - {x: 1.0714285, y: 0.51428574}
      - {x: 0.94285715, y: 0.7714286}
      - {x: 0.6, y: 0.9}
      - {x: 0.44285715, y: 1.0285715}
      - {x: -0.4, y: 1.0285715}
      - {x: -0.5, y: 1.0142857}
      - {x: -0.67142856, y: 0.8428571}
      - {x: -1, y: 0.5857143}
      - {x: -1.0571429, y: 0.5}
      - {x: -1.0571429, y: 0.15714286}
      - {x: -1.0285715, y: 0.071428575}
      - {x: -0.9142857, y: -0.042857144}
      - {x: -0.6142857, y: -0.22857143}
      - {x: -0.54285717, y: -0.35714287}
      - {x: -0.3857143, y: -0.62857145}
      - {x: -0.31428573, y: -1.0714285}
      - {x: 0.34285715, y: -1.0714285}
      - {x: 0.31428573, y: -0.7285714}
      - {x: 0.44285715, y: -0.35714287}
      - {x: 0.7, y: -0.21428572}
    - - {x: -0.44285715, y: -0.057142857}
      - {x: -0.4, y: 0.028571429}
      - {x: -0.3857143, y: 0.08571429}
      - {x: -0.4, y: 0.08571429}
      - {x: -0.3857143, y: 0.071428575}
      - {x: -0.4, y: 0.014285714}
      - {x: -0.4, y: -0.08571429}
      - {x: -0.3857143, y: -0.17142858}
      - {x: -0.4, y: -0.18571429}
      - {x: -0.3857143, y: -0.21428572}
      - {x: -0.37142858, y: -0.2}
    - - {x: -0.14285715, y: -0.1}
      - {x: -0.17142858, y: 0.1}
      - {x: -0.12857144, y: 0.057142857}
      - {x: -0.12857144, y: -0.071428575}
    - - {x: 0.32857144, y: -0.057142857}
      - {x: 0.34285715, y: -0.042857144}
      - {x: 0.34285715, y: -0.1}
      - {x: 0.31428573, y: -0.14285715}
      - {x: 0.32857144, y: -0.14285715}
--- !u!114 &114207070620474090
MonoBehaviour:
  m_ObjectHideFlags: 1
  m_PrefabParentObject: {fileID: 0}
  m_PrefabInternal: {fileID: 100100000}
  m_GameObject: {fileID: 1222556782055308}
  m_Enabled: 1
  m_EditorHideFlags: 0
  m_Script: {fileID: 11500000, guid: 131999ff0fe6e914890611c6b2193805, type: 3}
  m_Name: 
  m_EditorClassIdentifier: 
  Attached: 0
  CanBeAttached: 1
--- !u!212 &212969579472131100
SpriteRenderer:
  m_ObjectHideFlags: 1
  m_PrefabParentObject: {fileID: 0}
  m_PrefabInternal: {fileID: 100100000}
  m_GameObject: {fileID: 1222556782055308}
  m_Enabled: 1
  m_CastShadows: 0
  m_ReceiveShadows: 0
  m_DynamicOccludee: 1
  m_MotionVectors: 1
  m_LightProbeUsage: 1
  m_ReflectionProbeUsage: 1
  m_Materials:
  - {fileID: 10754, guid: 0000000000000000f000000000000000, type: 0}
  m_StaticBatchInfo:
    firstSubMesh: 0
    subMeshCount: 0
  m_StaticBatchRoot: {fileID: 0}
  m_ProbeAnchor: {fileID: 0}
  m_LightProbeVolumeOverride: {fileID: 0}
  m_ScaleInLightmap: 1
  m_PreserveUVs: 0
  m_IgnoreNormalsForChartDetection: 0
  m_ImportantGI: 0
  m_StitchLightmapSeams: 0
  m_SelectedEditorRenderState: 0
  m_MinimumChartSize: 4
  m_AutoUVMaxDistance: 0.5
  m_AutoUVMaxAngle: 89
  m_LightmapParameters: {fileID: 0}
  m_SortingLayerID: 0
  m_SortingLayer: 0
  m_SortingOrder: 0
  m_Sprite: {fileID: 21300000, guid: 150ed7282ba4b5c4fa73a3f6daa68605, type: 3}
  m_Color: {r: 1, g: 1, b: 1, a: 1}
  m_FlipX: 0
  m_FlipY: 0
  m_DrawMode: 0
  m_Size: {x: 1.5, y: 1.5}
  m_AdaptiveModeThreshold: 0.5
  m_SpriteTileMode: 0
  m_WasSpriteAssigned: 1
  m_MaskInteraction: 0
